[gd_scene load_steps=9 format=2]

[ext_resource path="res://plugins/minigames/bowling/minigame.gd" type="Script" id=1]
[ext_resource path="res://plugins/minigames/bowling/player.tscn" type="PackedScene" id=2]
[ext_resource path="res://assets/fonts/title_font.tres" type="DynamicFont" id=3]
[ext_resource path="res://scenes/countdown/countdown.tscn" type="PackedScene" id=4]

[sub_resource type="CubeMesh" id=1]
size = Vector3( 6, 2, 4 )

[sub_resource type="BoxShape" id=2]
extents = Vector3( 3, 1, 2 )

[sub_resource type="CubeMesh" id=3]
size = Vector3( 6, 0.5, 2 )

[sub_resource type="BoxShape" id=4]
extents = Vector3( 3, 0.25, 1 )

[node name="Spatial" type="Spatial"]
script = ExtResource( 1 )

[node name="Player1" parent="." instance=ExtResource( 2 )]
transform = Transform( 1, 0, 0, 0, 1, 0, 0, 0, 1, -1.5, 1.2, -4 )

[node name="Player2" parent="." instance=ExtResource( 2 )]
transform = Transform( 1, 0, 0, 0, 1, 0, 0, 0, 1, 0, 1.2, -2 )

[node name="Player3" parent="." instance=ExtResource( 2 )]
transform = Transform( 1, 0, 0, 0, 1, 0, 0, 0, 1, 1.5, 1.2, -4 )

[node name="Player4" parent="." instance=ExtResource( 2 )]
transform = Transform( 1, 0, 0, 0, 1, 0, 0, 0, 1, 0, 1.2, 4 )
is_solo_player = true

[node name="Ground" type="StaticBody" parent="."]
editor/display_folded = true
transform = Transform( 1, 0, 0, 0, 1, 0, 0, 0, 1, 0, 0, -3 )

[node name="MeshInstance" type="MeshInstance" parent="Ground"]
mesh = SubResource( 1 )
material/0 = null

[node name="CollisionShape" type="CollisionShape" parent="Ground"]
shape = SubResource( 2 )

[node name="Ground2" type="StaticBody" parent="."]
editor/display_folded = true
transform = Transform( 1, 0, 0, 0, 1, 0, 0, 0, 1, 0, 0.75, 4 )

[node name="MeshInstance" type="MeshInstance" parent="Ground2"]
mesh = SubResource( 3 )
material/0 = null

[node name="CollisionShape" type="CollisionShape" parent="Ground2"]
shape = SubResource( 4 )

[node name="Camera" type="Camera" parent="."]
transform = Transform( 1, 0, 0, 0, 0.984808, 0.173648, 0, -0.173648, 0.984808, 0, 4, 8 )

[node name="DirectionalLight" type="DirectionalLight" parent="."]
transform = Transform( 1, 0, 0, 0, 0.866025, 0.5, 0, -0.5, 0.866025, 0, 2.58048, 6.14296 )

[node name="Timer" type="Timer" parent="."]
wait_time = 5.0
one_shot = true

[node name="Screen" type="Control" parent="."]
anchor_right = 1.0
anchor_bottom = 1.0

[node name="Label" type="Label" parent="Screen"]
visible = false
anchor_right = 1.0
margin_top = 160.0
margin_bottom = 218.0
custom_fonts/font = ExtResource( 3 )
text = "BOWLING_FINISH_MSG"
align = 1

[node name="Time" type="Label" parent="Screen"]
visible = false
anchor_right = 1.0
margin_top = 60.0
margin_bottom = 118.0
custom_fonts/font = ExtResource( 3 )
text = "0.00"
align = 1
clip_text = true

[node name="Countdown" parent="Screen" instance=ExtResource( 4 )]
[connection signal="timeout" from="Timer" to="." method="_on_EndTimer_timeout"]
[connection signal="finish" from="Screen/Countdown" to="." method="_on_Countdown_finish"]
