[gd_scene load_steps=15 format=2]

[ext_resource path="res://scenes/speech_dialog/speech_dialog.gd" type="Script" id=1]
[ext_resource path="res://scenes/speech_dialog/dialog_box.png" type="Texture" id=2]
[ext_resource path="res://assets/fonts/IBM-Plex-Sans/IBMPlexSans-BoldItalic.otf" type="DynamicFontData" id=3]
[ext_resource path="res://assets/fonts/IBM-Plex-Sans/IBMPlexSans-MediumItalic.otf" type="DynamicFontData" id=4]
[ext_resource path="res://assets/fonts/IBM-Plex-Sans/IBMPlexSans-Bold.otf" type="DynamicFontData" id=5]
[ext_resource path="res://assets/fonts/IBM-Plex-Sans/IBMPlexSans-Medium.otf" type="DynamicFontData" id=6]
[ext_resource path="res://assets/fonts/Boogaloo-Regular.ttf" type="DynamicFontData" id=7]

[sub_resource type="DynamicFont" id=1]
size = 30
font_data = ExtResource( 3 )

[sub_resource type="DynamicFont" id=2]
size = 30
font_data = ExtResource( 4 )

[sub_resource type="DynamicFont" id=3]
size = 30
font_data = ExtResource( 5 )

[sub_resource type="DynamicFont" id=4]
size = 30
font_data = ExtResource( 6 )

[sub_resource type="DynamicFont" id=5]
size = 40
font_data = ExtResource( 7 )

[sub_resource type="DynamicFont" id=6]
size = 30
font_data = ExtResource( 5 )

[sub_resource type="DynamicFont" id=7]
size = 30
font_data = ExtResource( 5 )

[node name="SpeechDialog" type="Control"]
anchor_right = 1.0
anchor_bottom = 1.0
focus_mode = 2
script = ExtResource( 1 )

[node name="HBoxContainer" type="HBoxContainer" parent="."]
anchor_top = 1.0
anchor_right = 1.0
anchor_bottom = 1.0
margin_left = 10.0
margin_top = -138.0
margin_right = -10.0
margin_bottom = -10.0

[node name="TextureRect" type="TextureRect" parent="HBoxContainer"]
margin_right = 128.0
margin_bottom = 128.0
rect_min_size = Vector2( 128, 128 )

[node name="NinePatchRect" type="NinePatchRect" parent="HBoxContainer"]
margin_left = 132.0
margin_right = 1260.0
margin_bottom = 128.0
size_flags_horizontal = 3
texture = ExtResource( 2 )
patch_margin_left = 64
patch_margin_top = 64
patch_margin_right = 64
patch_margin_bottom = 64

[node name="MarginContainer" type="MarginContainer" parent="HBoxContainer/NinePatchRect"]
anchor_right = 1.0
anchor_bottom = 1.0
margin_left = 15.0
margin_top = 32.0
margin_right = -15.0
margin_bottom = -15.0

[node name="Text" type="RichTextLabel" parent="HBoxContainer/NinePatchRect/MarginContainer"]
margin_right = 1098.0
margin_bottom = 81.0
size_flags_horizontal = 3
size_flags_vertical = 3
custom_fonts/bold_italics_font = SubResource( 1 )
custom_fonts/italics_font = SubResource( 2 )
custom_fonts/bold_font = SubResource( 3 )
custom_fonts/normal_font = SubResource( 4 )
bbcode_enabled = true

[node name="Name" type="Label" parent="HBoxContainer/NinePatchRect"]
margin_left = 47.0
margin_top = -32.0
margin_right = 205.0
margin_bottom = 22.0
size_flags_horizontal = 3
size_flags_vertical = 5
custom_fonts/font = SubResource( 5 )
valign = 1

[node name="MarginContainer" type="MarginContainer" parent="HBoxContainer/NinePatchRect/Name"]
show_behind_parent = true
anchor_right = 1.0
anchor_bottom = 1.0
margin_left = -5.0
margin_top = -5.0
margin_right = 5.0
margin_bottom = 5.0

[node name="NinePatchRect" type="NinePatchRect" parent="HBoxContainer/NinePatchRect/Name/MarginContainer"]
show_behind_parent = true
margin_right = 168.0
margin_bottom = 64.0
rect_min_size = Vector2( 128, 64 )
texture = ExtResource( 2 )
patch_margin_left = 32
patch_margin_top = 32
patch_margin_right = 32
patch_margin_bottom = 32

[node name="Buttons" type="VBoxContainer" parent="HBoxContainer/NinePatchRect"]
visible = false
anchor_left = 1.0
anchor_right = 1.0
margin_left = -128.0
margin_top = -84.0
margin_right = -20.0
margin_bottom = 16.0
grow_horizontal = 0
grow_vertical = 2
custom_constants/separation = 12

[node name="Yes" type="Label" parent="HBoxContainer/NinePatchRect/Buttons"]
margin_right = 187.0
margin_bottom = 54.0
rect_min_size = Vector2( 0, 54 )
focus_neighbour_left = NodePath(".")
focus_neighbour_top = NodePath(".")
focus_neighbour_right = NodePath(".")
focus_neighbour_bottom = NodePath("../No")
focus_next = NodePath("../No")
focus_previous = NodePath(".")
focus_mode = 2
mouse_filter = 0
size_flags_horizontal = 3
size_flags_vertical = 5
custom_fonts/font = SubResource( 6 )
text = "DIALOG_YES"
align = 1
valign = 1

[node name="MarginContainer" type="MarginContainer" parent="HBoxContainer/NinePatchRect/Buttons/Yes"]
show_behind_parent = true
anchor_right = 1.0
anchor_bottom = 1.0
margin_left = -5.0
margin_top = -5.0
margin_right = 5.0
margin_bottom = 5.0
mouse_filter = 2

[node name="NinePatchRect" type="NinePatchRect" parent="HBoxContainer/NinePatchRect/Buttons/Yes/MarginContainer"]
show_behind_parent = true
margin_right = 197.0
margin_bottom = 64.0
rect_min_size = Vector2( 128, 64 )
texture = ExtResource( 2 )
patch_margin_left = 32
patch_margin_top = 32
patch_margin_right = 32
patch_margin_bottom = 32

[node name="No" type="Label" parent="HBoxContainer/NinePatchRect/Buttons"]
margin_top = 66.0
margin_right = 187.0
margin_bottom = 120.0
rect_min_size = Vector2( 0, 54 )
focus_neighbour_left = NodePath(".")
focus_neighbour_top = NodePath("../Yes")
focus_neighbour_right = NodePath(".")
focus_neighbour_bottom = NodePath(".")
focus_next = NodePath(".")
focus_previous = NodePath("../Yes")
focus_mode = 2
mouse_filter = 0
size_flags_horizontal = 3
size_flags_vertical = 5
custom_fonts/font = SubResource( 7 )
text = "DIALOG_NO"
align = 1
valign = 1

[node name="MarginContainer" type="MarginContainer" parent="HBoxContainer/NinePatchRect/Buttons/No"]
show_behind_parent = true
anchor_right = 1.0
anchor_bottom = 1.0
margin_left = -5.0
margin_top = -5.0
margin_right = 5.0
margin_bottom = 5.0
mouse_filter = 2

[node name="NinePatchRect" type="NinePatchRect" parent="HBoxContainer/NinePatchRect/Buttons/No/MarginContainer"]
show_behind_parent = true
margin_right = 197.0
margin_bottom = 64.0
rect_min_size = Vector2( 128, 64 )
texture = ExtResource( 2 )
patch_margin_left = 32
patch_margin_top = 32
patch_margin_right = 32
patch_margin_bottom = 32
[connection signal="focus_entered" from="HBoxContainer/NinePatchRect/Buttons/Yes" to="." method="_on_focus_entered" binds= [ "HBoxContainer/NinePatchRect/Buttons/Yes/MarginContainer/NinePatchRect" ]]
[connection signal="focus_exited" from="HBoxContainer/NinePatchRect/Buttons/Yes" to="." method="_on_focus_exited" binds= [ "HBoxContainer/NinePatchRect/Buttons/Yes/MarginContainer/NinePatchRect" ]]
[connection signal="gui_input" from="HBoxContainer/NinePatchRect/Buttons/Yes" to="." method="_gui_input"]
[connection signal="mouse_entered" from="HBoxContainer/NinePatchRect/Buttons/Yes" to="." method="_on_mouse_entered" binds= [ "HBoxContainer/NinePatchRect/Buttons/Yes/MarginContainer/NinePatchRect" ]]
[connection signal="mouse_exited" from="HBoxContainer/NinePatchRect/Buttons/Yes" to="." method="_on_mouse_exited" binds= [ "HBoxContainer/NinePatchRect/Buttons/Yes" ]]
[connection signal="focus_entered" from="HBoxContainer/NinePatchRect/Buttons/No" to="." method="_on_focus_entered" binds= [ "HBoxContainer/NinePatchRect/Buttons/No/MarginContainer/NinePatchRect" ]]
[connection signal="focus_exited" from="HBoxContainer/NinePatchRect/Buttons/No" to="." method="_on_focus_exited" binds= [ "HBoxContainer/NinePatchRect/Buttons/No/MarginContainer/NinePatchRect" ]]
[connection signal="gui_input" from="HBoxContainer/NinePatchRect/Buttons/No" to="." method="_gui_input"]
[connection signal="mouse_entered" from="HBoxContainer/NinePatchRect/Buttons/No" to="." method="_on_mouse_entered" binds= [ "HBoxContainer/NinePatchRect/Buttons/No/MarginContainer/NinePatchRect" ]]
[connection signal="mouse_exited" from="HBoxContainer/NinePatchRect/Buttons/No" to="." method="_on_mouse_exited" binds= [ "HBoxContainer/NinePatchRect/Buttons/No" ]]
